%YAML 1.1
%TAG !u! tag:unity3d.com,2011:
--- !u!1001 &100100000
Prefab:
  m_ObjectHideFlags: 1
  serializedVersion: 2
  m_Modification:
    m_TransformParent: {fileID: 0}
    m_Modifications: []
    m_RemovedComponents: []
  m_ParentPrefab: {fileID: 0}
  m_RootGameObject: {fileID: 1349041601865028}
  m_IsPrefabParent: 1
--- !u!1 &1349041601865028
GameObject:
  m_ObjectHideFlags: 0
  m_PrefabParentObject: {fileID: 0}
  m_PrefabInternal: {fileID: 100100000}
  serializedVersion: 5
  m_Component:
  - component: {fileID: 4514128620659520}
  - component: {fileID: 114581580891557138}
  - component: {fileID: 114646471346552176}
  - component: {fileID: 114850816071414902}
  - component: {fileID: 114966656147116654}
  - component: {fileID: 114089669068828858}
  m_Layer: 0
  m_Name: GameManager
  m_TagString: Untagged
  m_Icon: {fileID: 0}
  m_NavMeshLayer: 0
  m_StaticEditorFlags: 0
  m_IsActive: 1
--- !u!4 &4514128620659520
Transform:
  m_ObjectHideFlags: 1
  m_PrefabParentObject: {fileID: 0}
  m_PrefabInternal: {fileID: 100100000}
  m_GameObject: {fileID: 1349041601865028}
  m_LocalRotation: {x: 0, y: 0, z: 0, w: 1}
  m_LocalPosition: {x: 0, y: 0, z: 0}
  m_LocalScale: {x: 1, y: 1, z: 1}
  m_Children: []
  m_Father: {fileID: 0}
  m_RootOrder: 0
  m_LocalEulerAnglesHint: {x: 0, y: 0, z: 0}
--- !u!114 &114089669068828858
MonoBehaviour:
  m_ObjectHideFlags: 1
  m_PrefabParentObject: {fileID: 0}
  m_PrefabInternal: {fileID: 100100000}
  m_GameObject: {fileID: 1349041601865028}
  m_Enabled: 1
  m_EditorHideFlags: 0
  m_Script: {fileID: 11500000, guid: 2d402693fb2cc4ffab6c87c29d2ffa5b, type: 3}
  m_Name: 
  m_EditorClassIdentifier: 
--- !u!114 &114581580891557138
MonoBehaviour:
  m_ObjectHideFlags: 1
  m_PrefabParentObject: {fileID: 0}
  m_PrefabInternal: {fileID: 100100000}
  m_GameObject: {fileID: 1349041601865028}
  m_Enabled: 1
  m_EditorHideFlags: 0
  m_Script: {fileID: 11500000, guid: bdedb3e545ffa4a379e19d84658cce88, type: 3}
  m_Name: 
  m_EditorClassIdentifier: 
  TargetPlayer: {fileID: 0}
  GhostPrefab: {fileID: 1230653449229602, guid: 8d31c3205c7454bb88ffb5317a6f384e,
    type: 2}
  Guards:
  - {fileID: 0}
  spawnPoints:
  - {fileID: 0}
  - {fileID: 0}
  - {fileID: 0}
  - {fileID: 0}
  goals:
  - {fileID: 0}
  - {fileID: 0}
  - {fileID: 0}
  - {fileID: 0}
  - {fileID: 0}
  - {fileID: 0}
  - {fileID: 0}
  - {fileID: 0}
  - {fileID: 0}
  - {fileID: 0}
  Progress:
  - ProgressionGoals:
    - {fileID: 0}
    - {fileID: 0}
    - {fileID: 0}
    - {fileID: 0}
    - {fileID: 0}
    - {fileID: 0}
    - {fileID: 0}
  - ProgressionGoals:
    - {fileID: 0}
    - {fileID: 0}
    - {fileID: 0}
    - {fileID: 0}
    - {fileID: 0}
  - ProgressionGoals:
    - {fileID: 0}
    - {fileID: 0}
    - {fileID: 0}
    - {fileID: 0}
    - {fileID: 0}
  StartPoints:
  - {fileID: 0}
  - {fileID: 0}
  - {fileID: 0}
  ContinueTextUI: {fileID: 0}
  RestartTextUI: {fileID: 0}
  RaycastRange: 1000
  PlaybackAccuracy: 0.001
  dialogManager: {fileID: 114850816071414902}
  alarm: {fileID: 114966656147116654}
  almanacObject: {fileID: 0}
--- !u!114 &114646471346552176
MonoBehaviour:
  m_ObjectHideFlags: 1
  m_PrefabParentObject: {fileID: 0}
  m_PrefabInternal: {fileID: 100100000}
  m_GameObject: {fileID: 1349041601865028}
  m_Enabled: 1
  m_EditorHideFlags: 0
  m_Script: {fileID: 11500000, guid: 6dd377af7a926404bbb723b4fec86da9, type: 3}
  m_Name: 
  m_EditorClassIdentifier: 
--- !u!114 &114850816071414902
MonoBehaviour:
  m_ObjectHideFlags: 1
  m_PrefabParentObject: {fileID: 0}
  m_PrefabInternal: {fileID: 100100000}
  m_GameObject: {fileID: 1349041601865028}
  m_Enabled: 1
  m_EditorHideFlags: 0
  m_Script: {fileID: 11500000, guid: d4f1fc0251b114a05a8d631a4a8d3962, type: 3}
  m_Name: 
  m_EditorClassIdentifier: 
  dialogConfigs: {fileID: 4900000, guid: 6fdf855e4882e4c27b01591634802216, type: 3}
  dialogPoints:
  - {fileID: 0}
  - {fileID: 0}
  - {fileID: 0}
  - {fileID: 0}
  - {fileID: 0}
  - {fileID: 0}
  - {fileID: 0}
  - {fileID: 0}
  - {fileID: 0}
  - {fileID: 0}
  - {fileID: 0}
  - {fileID: 0}
  - {fileID: 0}
  - {fileID: 0}
  - {fileID: 0}
  - {fileID: 0}
  - {fileID: 0}
--- !u!114 &114966656147116654
MonoBehaviour:
  m_ObjectHideFlags: 1
  m_PrefabParentObject: {fileID: 0}
  m_PrefabInternal: {fileID: 100100000}
  m_GameObject: {fileID: 1349041601865028}
  m_Enabled: 1
  m_EditorHideFlags: 0
  m_Script: {fileID: 11500000, guid: 99c71d02c856749738771c9e1c12e69e, type: 3}
  m_Name: 
  m_EditorClassIdentifier: 
  alarmLight: {fileID: 0}
  audioSource: {fileID: 0}
  AlarmTerminalLight: {fileID: 0}
  AlarmOn: {r: 1, g: 0, b: 0, a: 1}
  AlarmOff: {r: 0.2827586, g: 1, b: 0, a: 1}
